@online{exampleImage,
  title     = {Green Grass on Forest},
  author    = {Rudolf Jakkel},
  year      = {2017-03-20},
  url       = {https://www.pexels.com/photo/green-grass-on-forest-418831/},
  urldate   = {2022-07-01}
}
